<record><leader>00000cas a2200000 a 4500</leader><controlfield tag="001">32650631</controlfield><controlfield tag="008">950614d19631963nyuwr ne      0    0eng c</controlfield><datafield ind1=" " ind2=" " tag="010"><subfield code="a">sn 95071250 </subfield></datafield><datafield ind1=" " ind2=" " tag="040"><subfield code="a">NYS</subfield><subfield code="b">eng</subfield><subfield code="c">NYS</subfield><subfield code="d">OCLCQ</subfield><subfield code="d">NYS</subfield><subfield code="d">OCLCQ</subfield><subfield code="d">OCLCF</subfield><subfield code="d">OCLCO</subfield></datafield><datafield ind1="1" ind2=" " tag="029"><subfield code="a">AU@</subfield><subfield code="b">000011903961</subfield></datafield><datafield ind1=" " ind2=" " tag="042"><subfield code="a">pcc</subfield></datafield><datafield ind1=" " ind2=" " tag="043"><subfield code="a">n-us-ny</subfield></datafield><datafield ind1="0" ind2="4" tag="245"><subfield code="a">The Babylon town eagle-sun.</subfield></datafield><datafield ind1="1" ind2="7" tag="246"><subfield code="a">Babylon town eagle and sun</subfield></datafield><datafield ind1=" " ind2=" " tag="260"><subfield code="a">Babylon, N.Y. :</subfield><subfield code="b">Sunrise Press</subfield></datafield><datafield ind1=" " ind2=" " tag="300"><subfield code="a">v.</subfield></datafield><datafield ind1=" " ind2=" " tag="310"><subfield code="a">Weekly</subfield></datafield><datafield ind1="0" ind2=" " tag="362"><subfield code="a">Vol. 35, no. 41 (Nov. 7, 1963).</subfield></datafield><datafield ind1=" " ind2="0" tag="651"><subfield code="a">Babylon (N.Y.)</subfield><subfield code="v">Newspapers.</subfield></datafield><datafield ind1=" " ind2="0" tag="651"><subfield code="a">Amityville (N.Y.)</subfield><subfield code="v">Newspapers.</subfield></datafield><datafield ind1=" " ind2="0" tag="651"><subfield code="a">Suffolk County (N.Y.)</subfield><subfield code="v">Newspapers.</subfield></datafield><datafield ind1=" " ind2="7" tag="655"><subfield code="a">Newspapers.</subfield><subfield code="2">fast</subfield><subfield code="0">(OCoLC)fst01423814</subfield></datafield><datafield ind1=" " ind2="7" tag="651"><subfield code="a">New York (State)</subfield><subfield code="z">Amityville.</subfield><subfield code="2">fast</subfield><subfield code="0">(OCoLC)fst01209972</subfield></datafield><datafield ind1=" " ind2="7" tag="651"><subfield code="a">New York (State)</subfield><subfield code="z">Babylon.</subfield><subfield code="2">fast</subfield><subfield code="0">(OCoLC)fst01207261</subfield></datafield><datafield ind1=" " ind2="7" tag="651"><subfield code="a">New York (State)</subfield><subfield code="z">Suffolk County.</subfield><subfield code="2">fast</subfield><subfield code="0">(OCoLC)fst01207260</subfield></datafield><datafield ind1=" " ind2=" " tag="752"><subfield code="a">United States</subfield><subfield code="b">New York</subfield><subfield code="c">Suffolk</subfield><subfield code="d">Babylon.</subfield></datafield><datafield ind1="0" ind2="4" tag="780"><subfield code="a">Long Island sun (Amityville, N.Y. : 1929)</subfield><subfield code="w">(DLC)sn 84020705</subfield><subfield code="w">(OCoLC)11445804</subfield></datafield><datafield ind1="0" ind2="4" tag="780"><subfield code="a">Babylon eagle</subfield><subfield code="w">(DLC)sn 95071001</subfield><subfield code="w">(OCoLC)31631124</subfield></datafield><datafield ind1="0" ind2="0" tag="785"><subfield code="a">Babylon town news (Babylon, N.Y.)</subfield><subfield code="w">(DLC)sn 95071251</subfield><subfield code="w">(OCoLC)32650745</subfield></datafield></record>